<?xml version="1.0" encoding="UTF-8"?><record xmlns="http://www.loc.gov/MARC21/slim" xmlns:cinclude="http://apache.org/cocoon/include/1.0" xmlns:zs="http://www.loc.gov/zing/srw/">
  <leader>00361nz  a2200133n  4500</leader>
  <controlfield tag="001">no 00018089 </controlfield>
  <controlfield tag="003">DLC</controlfield>
  <controlfield tag="005">20000316070031.0</controlfield>
  <controlfield tag="008">000315n| acannaabn          |n aaa     c</controlfield>
  <datafield tag="010" ind1=" " ind2=" ">
    <subfield code="a">no 00018089 </subfield>
  </datafield>
  <datafield tag="035" ind1=" " ind2=" ">
    <subfield code="a">(OCoLC)oca05175195</subfield>
  </datafield>
  <datafield tag="040" ind1=" " ind2=" ">
    <subfield code="a">ICU</subfield>
    <subfield code="b">eng</subfield>
    <subfield code="c">ICU</subfield>
  </datafield>
  <datafield tag="100" ind1="1" ind2=" ">
    <subfield code="a">Assaf, Antoine-Joseph</subfield>
  </datafield>
  <datafield tag="670" ind1=" " ind2=" ">
    <subfield code="a">Hommage aĚ Pierre Boutang, c1998:</subfield>
    <subfield code="b">t.p. (Antoine-Joseph Assaf)</subfield>
  </datafield>
</record>